@article{Chao2015,
  doi = {10.1119/1.4929898},
  url = {https://doi.org/10.1119/1.4929898},
  year  = {2015},
  month = {nov},
  publisher = {American Association of Physics Teachers ({AAPT})},
  volume = {83},
  number = {11},
  pages = {913--922},
  author = {L. S. Chao and S. Schlamminger and D. B. Newell and J. R. Pratt and F. Seifert and X. Zhang and G. Sineriz and M. Liu and D. Haddad},
  title = {A {LEGO} Watt balance: An apparatus to determine a mass based on the new           {SI}},
  journal = {American Journal of Physics}
}

@misc{wiki_si,
    author={Emilio Pisanty},
    title={Unit Relations in the New SI},
    year={January 27, 2016},
    note={Online; Accessed February 27, 2019},
    url={https://en.wikipedia.org/wiki/2019_redefinition_of_SI_base_units#/media/File:Unit_relations_in_the_new_SI.svg}
}

@misc{wiki_si_old,
    author={Emilio Pisanty},
    title={Unite Relations in the old SI},
    year={January 27, 2016},
    note={Online; Accessed February 27, 2019},
    url={https://en.wikipedia.org/wiki/File:Unit_relations_in_the_old_SI.svg}
}

@misc{ipk,
    author={Bureau International des Poids et Mesures},
    title={The International Prototype},
    note={Online; Accessed March 4, 2019},
    url={https://www.bipm.org/en/bipm/mass/ipk/}
}

@misc{ipk_drift,
    author={National Institute of Science and Technologies},
    title={Kilogram: The Present, Artifacts and Uncertainty},
    note={Online; Accessed March 4, 2019},
    url={https://www.nist.gov/si-redefinition/kilogram-present}
}

@manual{epsilon,
	title	    	= "MicroEpsilon: Intelligent laser optical displacement measurement",
	organization	= "Micro-Epsilon, Messtechnik GmbH \& Co. KG",
	address	        = "KÃ¶nigbacher Strasse 15, 94496 Ortenburg Deutschland",
	year	    	= "2008",
}

@article{press1990savitzky,
  title={Savitzky-Golay smoothing filters},
  author={Press, William H and Teukolsky, Saul A},
  journal={Computers in Physics},
  volume={4},
  number={6},
  pages={669--672},
  year={1990},
  publisher={AIP}
}
